@online{NASERASR18,
  author = {Reza Naserasr},
  title = {Reza Naserasr's course notes},
  year = 2018,
  url = {https://www.irif.fr/~reza/pdfs/MPRI-Lectures2018.pdf},
  urldate = {2018-11-30},
}
@online{CHARBIT18,
  author = {Pierre Charbit},
  title = {Pierre Charbit's slides},
  year = 2018,
  url = {http://www.irif.fr/~charbit/Enseignement/2018/MPRICharbitSlides.pdf},
  urldate = {2018-11-30},
}
@online{TREVISAN16,
  author = {Lucas Trevisan},
  title = {Lecture Notes on Graph Partitioning, Expanders and Spectral Methods},
  year = 2016,
  url = {https://people.eecs.berkeley.edu/~luca/books/expanders-2016.pdf},
  urldate = {2018-11-30},
}
@book{Golumbic:2004:AGT:984029,
 author = {Golumbic, Martin Charles},
 title = {Algorithmic Graph Theory and Perfect Graphs (Annals of Discrete Mathematics, Vol 57)},
 year = {2004},
 isbn = {0444515305},
 publisher = {North-Holland Publishing Co.},
 address = {Amsterdam, The Netherlands, The Netherlands},
}
@book{Kleinberg:2005:AD:1051910,
 author = {Kleinberg, Jon and Tardos, Eva},
 title = {Algorithm Design},
 year = {2005},
 isbn = {0321295358},
 publisher = {Addison-Wesley Longman Publishing Co., Inc.},
 address = {Boston, MA, USA},
}
@book{Bondy:2008:GT:1481153,
 author = {Bondy, J.A. and Murty, U.S.R},
 title = {Graph Theory},
 year = {2008},
 isbn = {1846289696},
 edition = {1st},
 publisher = {Springer Publishing Company, Incorporated},
}
